@article{Hochreiter:1997:LSM:1246443.1246450,
	author = {Hochreiter, Sepp and Schmidhuber, J\"{u}rgen},
	title = {Long Short-Term Memory},
	journal = {Neural Comput.},
	issue_date = {November 15, 1997},
	volume = {9},
	number = {8},
	month = nov,
	year = {1997},
	issn = {0899-7667},
	pages = {1735--1780},
	numpages = {46},
	url = {http://dx.doi.org/10.1162/neco.1997.9.8.1735},
	doi = {10.1162/neco.1997.9.8.1735},
	acmid = {1246450},
	publisher = {MIT Press},
	address = {Cambridge, MA, USA},
} 

@MISC{Hochreiter01gradientflow,
	author = {Sepp Hochreiter and Yoshua Bengio and Paolo Frasconi and JÃ¼rgen Schmidhuber},
	title = {Gradient Flow in Recurrent Nets: the Difficulty of Learning Long-Term Dependencies},
	year = {2001}
}

@article{Gers2000,
	archivePrefix = {arXiv},
	arxivId = {arXiv:1011.1669v3},
	author = {Gers, F.A. and Schmidhuber, J.},
	doi = {10.1109/IJCNN.2000.861302},
	eprint = {arXiv:1011.1669v3},
	file = {:C$\backslash$:/Users/ajbernal/Documents/papers/DeepLearning/RNN/00861302.pdf:pdf},
	isbn = {0-7695-0619-4},
	issn = {1098-6596},
	journal = {Proceedings of the IEEE-INNS-ENNS International Joint Conference on Neural Networks. IJCNN 2000. Neural Computing: New Challenges and Perspectives for the New Millennium},
	mendeley-groups = {DNN/RNN},
	pages = {189--194 vol.3},
	pmid = {25246403},
	title = {{Recurrent nets that time and count}},
	url = {http://ieeexplore.ieee.org/document/861302/},
	year = {2000}
}
