@inproceedings{Rainey:2014,
	author = {Rainey, Erik and Villarreal, Jesse and Dedeoglu, Goksel and Pulli, Kari and Lepley, Thierry and Brill, Frank},
	title = {Addressing System-Level Optimization with OpenVX Graphs},
	booktitle = {Proceedings of the 2014 IEEE Conference on Computer Vision and Pattern Recognition Workshops},
	series = {CVPRW '14},
	year = {2014},
	isbn = {978-1-4799-4308-1},
	pages = {658--663},
	numpages = {6},
	url = {http://dx.doi.org/10.1109/CVPRW.2014.100},
	doi = {10.1109/CVPRW.2014.100},
	acmid = {2679638},
	publisher = {IEEE Computer Society},
	address = {Washington, DC, USA},
	keywords = {OpenVX, computer vision, embedded vision, mobile vision, optimization, embedded systems, performance optimization},
}

@misc{OpenCLStandard:2012,
	author       = {A. Munshi},
	title        = {{OpenCL} 1.2 Specification},
	howpublished = {The Khronos OpenCL Working Group},
	url          = {http://www.khronos.org/registry/cl/specs/opencl-1.2.pdf},
	year         = {2012}
}

@misc{OpenVXStandard:2017,
	author       = {S. Gauthami},
	title        = {The Khronos {OpenVX 1.1} Specification},
	howpublished = {The Khronos OpenVX Working Group},
	year         = {2017}
}